<?xml version="1.0" encoding="UTF-8"?><collection xmlns="http://www.loc.gov/MARC21/slim"><record><leader>00508nam--2200145-i-4500</leader><controlfield tag="001">000003312</controlfield><controlfield tag="002">20161230</controlfield><controlfield tag="005">20161230201025</controlfield><controlfield tag="008">060222s1000------------r-----000-0-eng-d</controlfield><datafield ind1=" " ind2=" " tag="080"><subfield code="a">51:621.39:621.38</subfield></datafield><datafield ind1=" " ind2=" " tag="100"><subfield code="a">Angot (Prof.Andre)</subfield></datafield><datafield ind1=" " ind2=" " tag="245"><subfield code="a">Complements de mathematiques a l usage des ingenieurs de l electrotechnique et des tele- communications. preface de louis de broglie</subfield></datafield><datafield ind1=" " ind2=" " tag="260"><subfield code="a">Paris,  Editions De La Revue D Optique , 1949 Vi + 660 P</subfield></datafield><datafield ind1=" " ind2=" " tag="490"><subfield code="a">Collection Technique Du C.N.E.T</subfield></datafield><datafield ind1=" " ind2=" " tag="852"><subfield code="a">2661</subfield></datafield></record></collection>